<?xml version="1.0" encoding="UTF-8"?><record xmlns="http://www.loc.gov/MARC21/slim" xmlns:cinclude="http://apache.org/cocoon/include/1.0" xmlns:zs="http://www.loc.gov/zing/srw/">
  <leader>00414cz  a2200133n  4500</leader>
  <controlfield tag="001">n  88037913 </controlfield>
  <controlfield tag="003">DLC</controlfield>
  <controlfield tag="005">20080308075440.0</controlfield>
  <controlfield tag="008">880418n| acannaabn          |n aaa     c</controlfield>
  <datafield tag="010" ind1=" " ind2=" ">
    <subfield code="a">n  88037913 </subfield>
  </datafield>
  <datafield tag="035" ind1=" " ind2=" ">
    <subfield code="a">(OCoLC)oca02253524</subfield>
  </datafield>
  <datafield tag="040" ind1=" " ind2=" ">
    <subfield code="a">IEN</subfield>
    <subfield code="b">eng</subfield>
    <subfield code="c">DLC</subfield>
    <subfield code="d">OCoLC</subfield>
  </datafield>
  <datafield tag="100" ind1="1" ind2=" ">
    <subfield code="a">Adefo味larin, Adedope味</subfield>
  </datafield>
  <datafield tag="670" ind1=" " ind2=" ">
    <subfield code="a">His Common errors in Yoruba, 1966?:</subfield>
    <subfield code="b">t.p. (Adedope味 Adefo味larin; author of works on Yoruba and the Bible)</subfield>
  </datafield>
</record>